%% Created using Papers on Sat, 19 Nov 2011.
%% http://mekentosj.com/papers/

@book{Karatzas:1991ws,
author = {Karatzas, Ioannis and Shreve, Steven E},
title = {{Brownian motion and stochastic calculus}},
publisher = {Springer Verlag},
year = {1991}
}

@book{Klebaner:2005uh,
author = {Klebaner, Fima C},
title = {{Introduction to stochastic calculus with applications}},
publisher = {Imperial College Pr},
year = {2005}
}

@book{Klenke:2008te,
author = {Klenke, Achim},
title = {{Wahrscheinlichkeitstheorie (Springer-Lehrbuch Masterclass) (German Edition)}},
publisher = {Springer},
year = {2008},
edition = {2., korr. Aufl.},
month = apr
}

@book{Meintrup:2004wga,
author = {Meintrup, David and Sch{\"a}ffler, Stefan},
title = {{Stochastik: Theorie und Anwendungen (Statistik und ihre Anwendungen) (German Edition)}},
publisher = {Springer},
year = {2004},
edition = {1},
month = sep
}

@book{Revuz:2010vw,
author = {Revuz, Daniel and Yor, Marc},
title = {{Continuous Martingales and Brownian Motion (Grundlehren der mathematischen Wissenschaften)}},
publisher = {Springer},
year = {2010},
month = dec
}

@book{Rudin:1991ul,
author = {Rudin, Walter},
title = {{Functional Analysis}},
publisher = {McGraw-Hill Science/Engineering/Math},
year = {1991},
edition = {2},
month = jan
}

@book{Protter:2004wfa,
author = {Protter, Philip E},
title = {{Stochastic integration and differential equations}},
publisher = {Springer Verlag},
year = {2004}
}

@book{Werner:2008wg,
author = {Werner, Dirk},
title = {{Funktionalanalysis (Springer-Lehrbuch) (German Edition)}},
publisher = {Springer},
year = {2008},
edition = {6., korr. Aufl.},
month = sep
}


@book{WTDippon:2009,
author = {Dippon, JÃ¼rgen},
title = {{Wahrscheinlichkeitstheorie}},
edition = {WS 09/10}
}

@book{Dellacherie:1988tr,
author = {Dellacherie, Claude and Meyer, Paul Andr{\'e}},
title = {{Probabilities and potential C}},
publisher = {North Holland},
year = {1988},
series = {potential theory for discrete and continuous semigroups},
month = jan
}

